@article{pneumonia_temperatura,
    author      =   "Zhiwei Xu and Wenbiao Hu and Shilu Tong",
    title       =   "Temperature variability and childhood pneumonia: An ecological study",
    journal     =   "Environmental Health",
    year        =   "2014",
    address     =   "Queensland",
    url         =   "https://ehjournal.biomedcentral.com/articles/10.1186/1476-069X-13-51",
    urlaccessdate      = {20 de jan. de 2023},
}
@article{forcasting_health,
    author      =   "Ireneous N. Soyiri and Daniel D. Reidpath and
Christophe Sarran",
    title       =   "Forecasting peak asthma admissions in London:
an application of quantile regression models",
    journal     =   "International Journal of Biometeorology",
    year        =   "2012",
    url         =   "https://link.springer.com/article/10.1007/s00484-012-0584-0",
    urlaccessdate      = {17 de jan. de 2023},
}
@article{IA_health_systems,
    author      =   "Trishan Panch and Peter Szolovits and Rifat Atun",
    title       =   "Artificial intelligence, machine learning and health systems",
    journal     =   "Journal of Global Health",
    year        =   "2018",
    url         =   "https://www.ncbi.nlm.nih.gov/pmc/articles/PMC6199467/",
    urlaccessdate      = {18 de jan. de 2023},
}

@article{series_temporais,
    author      =   "Maria do Rosário Dias de Oliveira Latorre and Maria Regina Alves Cardoso",
    title       =   "Análise de séries temporais em epidemiologia: uma introdução sobre os aspectos metodológicos",
    journal     =   "Rev. Bras. Epidemiol.",
    year        =   "2001",
    url         =   "https://www.scielo.br/j/rbepid/a/KM9MndgpCGSnjSNDddSydCG/?lang=pt",
    urlaccessdate      = {20 de jan. de 2023},
}
@article{artigo,
    author      =   "Autor do Artigo",
    title       =   "Título do Artigo",
    journal     =   "Meio de divulgação do Artigo",
    volume      =   "número do volume",
    number      =   "número da página",
    pages       =   "primeira página -- última página",
    year        =   "2017",
    DOI         =   "número de DOI"
}
@book{Health,
    author      =   "World Health Organization",
    title       =   "Health service delivery",
    year        =   "2010",
    publisher   =   "World Health Organization",
    address     =   "Genève",
    pages       =   {50}
}
@book{Learning_python,
    author      =   "Mark Lutz",
    title       =   "Learning Python, 5th Edition",
    year        =   "2013",
    publisher   =   "O'REILLY",
    address     =   "Sebastopol",
    pages       =   {1600}
}
@book{IA_python,
    author      =   "Perry Xiao",
    title       =   "Artificial Intelligence Programming with Python: From Zero to Hero",
    year        =   "2022",
    publisher   =   "Wiley",
    address     =   "Hoboken",
    pages       =   {720},
}
@book{hands_on_ml,
    author      =   "Aurélien Géron",
    title       =   "Hands-On Machine Learning with Scikit-Learn, Keras, and TensorFlow, 3rd Edition",
    year        =   "2022",
    publisher   =   "O'REILLY",
    address     =   "Sebastopol",
    pages       =   {861},
}
@book{livro,
    author      =   "Autor do Livro",
    title       =   "Título do Livro",
    year        =   "2017",
    publisher   =   "Editora",
    address     =   "Cidade, Estado - País"
}
@misc{iea, 
    author      =   "International Energy Agency",
    title       =   "Energy Statistics Data Browser",
    year        =   "2023",
    url         =   "https://www.iea.org/data-and-statistics/data-tools/energy-statistics-data-browser?country=WORLD&fuel=Energy%20supply&indicator=TESbySource",
    urlaccessdate      = {21 de jan. de 2023},
}
@misc{statquest, 
    author      =   "StatQuest with Josh Starmer",
    title       =   "Long Short-Term Memory (LSTM), claramente explicado",
    year        =   "2022",
    url         =   "https://www.youtube.com/watch?v=YCzL96nL7j0&list=PLblh5JKOoLUICTaGLRoHQDuF_7q2GfuJF&index=84&t=580s",
    urlaccessdate      = {25 de jan. de 2023},
}
@misc{diretrizes_oms,
    author      =   "Organização das Nações Unidas",
    title       =   "Novas diretrizes da OMS sobre qualidade do ar reduzem valores seguros para poluição",
    year        =   "2021",
    url         =   "https://brasil.un.org/pt-br/145721-novas-diretrizes-da-oms-sobre-qualidade-do-ar-reduzem-valores-seguros-para-poluicao",
    urlaccessdate      = {18 de jan. de 2023},
}
@misc{temperatura_onu,
    author      =   "Organização das Nações Unidas",
    title       =   "Temperatura média global tem 50\% de chance de exceder 1,5°C até 2026",
    year        =   "2022",
    url         =   "https://brasil.un.org/pt-br/181236-temperatura-media-global-tem-50-de-chance-de-exceder-15degc-ate-2026#:~:text=De%20acordo%20com%20os%20novos,%2C%20saltou%20para%20quase%2050%25.",
    urlaccessdate      = {20 de jan. de 2023},
}
@misc{PYPL,
    author      =   "Pierre Carbonnelle",
    title       =   "PYPL PopularitY of Programming Language",
    year        =   "2023",
    url         =   "https://pypl.github.io/PYPL.html",
    urlaccessdate      = {21 de jan. de 2023},
}
@misc{ibge,
    author      =   "IBGE",
    title       =   "Cidades e Estados: Cuiabá",
    year        =   "2023",
    url         =   "https://www.ibge.gov.br/cidades-e-estados/mt/cuiaba.html",
    urlaccessdate      = {23 de jan. de 2023},
}
@misc{ibge_mais,
    author      =   "IBGE",
    title       =   "Cuiabá",
    year        =   "2023",
    url         =   "https://cidades.ibge.gov.br/brasil/mt/cuiaba/panorama",
    urlaccessdate      = {23 de jan. de 2023},
}
@misc{queimadas_cuiaba,
    author      =   "Governo do Mato Grosso",
    title       =   "Queimadas deixam situação do ar crítica em Cuiabá",
    year        =   "2017",
    url         =   "http://www.mt.gov.br/-/8185483-queimadas-deixam-situacao-do-ar-critica-em-cuiaba",
    urlaccessdate      = {24 de jan. de 2023}, 
}
@misc{generico,
    author      =   "Autor Genérico",
    title       =   "Título Genérico",
    text        =   "Texto Genérico",
    year        =   "2017",
    url         =   "www.generico.com" 
}

@mastherthesis{teseMestrado,
    author      =   "Autor da Tese de Mestrado",
    title       =   "Título da Tese de Mestrado",
    school      =   "Instituição da Tese de Mestrado",
    year        =   "2017",
    address     =   "Cidade, Estado - País",
    note        =   "Nota sobre a Tese de Mestrado"
}

@phdthesis{teseDoutorado,
    author      =   "Autor da Tese de Doutorado",
    title       =   "Título da Tese de Doutorado",
    school      =   "Instituição da Tese de Doutorado",
    year        =   "2017",
    address     =   "Cidade, Estado - País",
    note        =   "Nota sobre a Tese de Doutorado"
}

@unpublished{teseNaoPublicada,
    author      =   "Autor da Tese Não Publicada",
    title       =   "Título da Tese Não Publicada",
    year        =   "2017",
    note        =   "Submetida"
}

@inproceedings{procedimentos,
    author      =   "Autor dos Procedimentos",
    year        =   "2017",
    title       =   "Título dos Procedimentos",
    booktitle   =   "Título do Livro dos Procedimentos",
    editor      =   "Editora do Livro",
    pages       =   "3-22",
    publisher   =   "Órgão responsável pela Publicação",
    volume      =   "Volume N"
}

@incollection{parteDeColecao,
    author      =   "Autor da Coleção",
    title       =   "Título da Coleção",
    editor      =   "Editora da Coleção",
    booktitle   =   "Título do Livro",
    series      =   "Número da Série",
    volume      =   "Volume N",
    chapter     =   "Capítulo M",
    pages       =   "3-42",
    publisher   =   "Órgão responsável pela Publicação",
    address     =   "Cidade, Estado - País",
    year        =   2017
}          

@hidden{invisivel,
  title         =   {Obra Não Citada na Bibliografia},
  author        =   {Autor Invisível},
  volume        =   {1},
  year          =   {2017},
  publisher     =   {Editora Invisível},
  address       =   "Cidade, Estado - País"
}

%Exemplo de citação de um artigo real:
@article{carbono,
  title         =   {Comportamento de diferentes sistemas de manejo como fonte ou dep{\'o}sito de carbono em rela{\c{c}}{\~a}o {\`a} vegeta{\c{c}}{\~a}o de cerrado},
  author        =   {Corazza, EJ and SILVA, JE da and Resck, DVS and Gomes, AC},
  journal       =   {Revista Brasileira de Ci{\^e}ncia do Solo},
  volume        =   {23},
  number        =   {2},
  pages         =   {425--432},
  year          =   {1999},
  publisher     =   {Sociedade Brasileira de Ci{\^e}ncia do Solo}
}